@Book{xie2015,
  title = {Dynamic Documents with {R} and knitr},
  author = {Yihui Xie},
  publisher = {Chapman and Hall/CRC},
  address = {Boca Raton, Florida},
  year = {2015},
  edition = {2nd},
  note = {ISBN 978-1498716963},
  url = {http://yihui.org/knitr/},
}

@article{Wickham2014,
  title={Tidy data},
  author={Wickham, Hadley and others},
  journal={Journal of Statistical Software},
  volume={59},
  number={10},
  pages={1--23},
  year={2014}
}