
@article{antonio2019,
	title = {Hotel booking demand datasets},
	author = {{Antonio}, {Nuno} and {de Almeida}, {Ana} and {Nunes}, {Luis}},
	year = {2019},
	month = {02},
	date = {2019-02},
	journal = {Data in Brief},
	pages = {41--49},
	volume = {22},
	doi = {10.1016/j.dib.2018.11.126},
	url = {http://dx.doi.org/10.1016/j.dib.2018.11.126},
	langid = {en}
}
